%% LaTeX2e file `references.bib'
%% generated by the `filecontents' environment
%% from source `"Project Proposal"' on 2017/11/10.
%%
@TechReport{drift,
author = {Bifet, A. and Holmes, G. and Pfahringer, B. and Gavaldà, R.},
title = {Improving Adaptive Bagging Methods for Evolving Data Streams},
institution = {University of Waikato, New Zealand},
year = {2009}
}

@TechReport{edinburgh,
author = {Llewellyn, C. and Cram, L.},
title = {Brexit? Analyzing Opinion on the UK-EU Referendum within Twitter},
institution = {The Neuropolitics Research Lab, University of Edinburgh},
year = {2016, March.},
}
@InProceedings{preprocess,
author = {Angiani, G. and Ferrari, L. and Fontanini, T. and Fornacciari P. and Iotti, E. and Magliani, F. and Manicardi, S.},
title = {A Comparison between Preprocessing Techniques for Sentiment Analysis in Twitter},
booktitle = {Proceedings of the 2nd International Workshop on Knowledge Discovery on the WEB},
year = {2016, September.},
OPTcrossref = {•},
OPTkey = {•},
OPTpages = {5-9},

}


